@ARTICLE{Kjeldsen,
       author = {{Kjeldsen}, H. and {Bedding}, T.~R.},
        title = "{Amplitudes of stellar oscillations: the implications for asteroseismology.}",
      journal = {\aap},
     keywords = {SUN: OSCILLATIONS, STARS: INDIVIDUAL: \{ALPHA\} CEN, STARS: INDIVIDUAL: PROCYON, STARS: OSCILLATIONS, CEPHEIDS, \{DELTA\} SCT, Astrophysics},
         year = 1995,
        month = jan,
       volume = {293},
        pages = {87-106},
archivePrefix = {arXiv},
       eprint = {astro-ph/9403015},
 primaryClass = {astro-ph},
       adsurl = {https://ui.adsabs.harvard.edu/abs/1995A&A...293...87K},
      adsnote = {Provided by the SAO/NASA Astrophysics Data System}
}


@ARTICLE{Scaling,
       author = {{Mathur}, S. and {Metcalfe}, T.~S. and {Woitaszek}, M. and {Bruntt}, H. and
         {Verner}, G.~A. and {Christensen-Dalsgaard}, J. and {Creevey}, O.~L. and
         {Do{\v{g}}an}, G. and {Basu}, S. and {Karoff}, C. and {Stello}, D. and
         {Appourchaux}, T. and {Campante}, T.~L. and {Chaplin}, W.~J. and
         {Garc{\'\i}a}, R.~A. and {Bedding}, T.~R. and {Benomar}, O. and
         {Bonanno}, A. and {Deheuvels}, S. and {Elsworth}, Y. and {Gaulme}, P. and
         {Guzik}, J.~A. and {Handberg}, R. and {Hekker}, S. and {Herzberg}, W. and
         {Monteiro}, M.~J.~P.~F.~G. and {Piau}, L. and {Quirion}, P. -O. and
         {R{\'e}gulo}, C. and {Roth}, M. and {Salabert}, D. and {Serenelli}, A. and
         {Thompson}, M.~J. and {Trampedach}, R. and {White}, T.~R. and
         {Ballot}, J. and {Brand{\~a}o}, I.~M. and {Molenda-{\.Z}akowicz}, J. and
         {Kjeldsen}, H. and {Twicken}, J.~D. and {Uddin}, K. and {Wohler}, B.},
        title = "{A Uniform Asteroseismic Analysis of 22 Solar-type Stars Observed by Kepler}",
      journal = {\apj},
     keywords = {methods: numerical, stars: evolution, stars: interiors, stars: oscillations, Astrophysics - Solar and Stellar Astrophysics},
         year = 2012,
        month = apr,
       volume = {749},
       number = {2},
          eid = {152},
        pages = {152},
          doi = {10.1088/0004-637X/749/2/152},
archivePrefix = {arXiv},
       eprint = {1202.2844},
 primaryClass = {astro-ph.SR},
       adsurl = {https://ui.adsabs.harvard.edu/abs/2012ApJ...749..152M},
      adsnote = {Provided by the SAO/NASA Astrophysics Data System}
}

@INPROCEEDINGS{review,
       author = {{Di Mauro}, M.~P.},
        title = "{A review on Asteroseismology}",
     keywords = {Astrophysics - Solar and Stellar Astrophysics},
    booktitle = {Frontier Research in Astrophysics II (FRAPWS2016)},
         year = 2016,
        month = may,
          eid = {29},
        pages = {29},
archivePrefix = {arXiv},
       eprint = {1703.07604},
 primaryClass = {astro-ph.SR},
       adsurl = {https://ui.adsabs.harvard.edu/abs/2016frap.confE..29D},
      adsnote = {Provided by the SAO/NASA Astrophysics Data System}
}

@MISC{lightkurve,
   author = {{Lightkurve Collaboration} and {Cardoso}, J.~V.~d.~M. and
             {Hedges}, C. and {Gully-Santiago}, M. and {Saunders}, N. and
             {Cody}, A.~M. and {Barclay}, T. and {Hall}, O. and
             {Sagear}, S. and {Turtelboom}, E. and {Zhang}, J. and
             {Tzanidakis}, A. and {Mighell}, K. and {Coughlin}, J. and
             {Bell}, K. and {Berta-Thompson}, Z. and {Williams}, P. and
             {Dotson}, J. and {Barentsen}, G.},
    title = "{Lightkurve: Kepler and TESS time series analysis in Python}",
 keywords = {Software, NASA},
howpublished = {Astrophysics Source Code Library},
     year = 2018,
    month = dec,
archivePrefix = "ascl",
   eprint = {1812.013},
   adsurl = {http://adsabs.harvard.edu/abs/2018ascl.soft12013L},
}
